@misc{y_plus_calc,
  title = {Estimating Normal Wall Distance},
  howpublished = {https://sakai.mci4me.at/access/content/group/Course-ID-SLVA-44653/Part2%20-%20Berger_Zingerle/support%20material/mesh%20independence%20study/Estimating_normal_wall_distance.pdf},
  note = {Accessed: 2024-01-16}
}