@book{ACE,
  title={Advanced Control Engineering},
  author={Mehrle, Andreas},
  year={2023},
  publisher={MCI}
}